2814 3524
1264 225 1523 332 Q

368 423 581 462 observavit
617 421 924 462 Lindemannns
970 423 1038 470 (de
1075 424 1158 461 adv.
1201 424 1281 461 Lat.
1317 424 1355 469 1,
1394 437 1432 473 p.
1460 421 1541 470 17).
1615 425 1847 472 Quamquam
1890 424 2004 472 igitur
2044 426 2107 470 qui
2151 425 2434 472 significationis

368 510 622 549 diversitatem
650 510 809 548 diversis
845 511 967 548 literis
991 515 1124 549 notare
1159 510 1310 556 volunt,
1354 523 1427 549 non
1462 511 1639 549 videntur
1670 524 1756 550 esse
1791 511 2050 560 vituperandi,
2088 523 2156 547 nos
2199 516 2324 548 tamen
2352 523 2433 548 eam

366 598 525 634 formam
559 596 720 645 amplexi
750 609 900 641 sumus,
934 607 1043 644 quam
1074 597 1127 633 ita
1162 597 1424 634 commendant
1448 597 1623 642 codices,
1659 602 1701 634 ut
1736 596 1972 634 Fretmdius
2004 597 2102 641 (Cic.
2132 597 2265 633 Milon.
2298 609 2335 644 p.
2362 597 2434 643 34)

367 682 621 728 „adverbium
652 682 724 719 hoc
750 683 930 731 temporis
957 684 1031 719 iam
1059 684 1098 719 in
1130 684 1332 720 remotiore
1358 684 1578 731 antiquitate
1611 688 1765 733 propter
1796 683 2144 731 frequentissimum
2173 696 2280 721 nsum
2307 695 2433 720 veram

368 782 470 806 suam
506 769 665 820 formam
700 769 920 814 amisisse‚“
951 769 1035 805 inre
1067 769 1311 806 contendisse
1337 770 1520 807 videatur.

550 831 553 835 t
1074 825 1085 839 N

1338 982 1473 1040 HJ.

489 1125 544 1161 De
571 1125 876 1173 constructione
898 1121 992 1176 (hoc
1019 1127 1117 1163 enim
1145 1139 1281 1164 nomen
1309 1128 1484 1164 orationis
1515 1127 1801 1164 conformationi
1829 1103 1913 1164 cum
1945 1128 2155 1175 praeceptis
2185 1128 2435 1175 grammaticis

367 1211 587 1260 congruenti
621 1211 694 1249 iam
724 1215 875 1249 veteres
912 1214 1142 1261 grammatici
1180 1218 1407 1262 posuerunt,
1454 1225 1548 1262 qnae
1581 1214 1639 1249 vix
1670 1213 1743 1250 alio
1771 1214 1954 1251 vocabulo
1981 1215 2072 1250 satis
2101 1213 2280 1251 distincte
2307 1214 2434 1262 appel-

367 1298 438 1335 lari
469 1298 621 1347 possm)
653 1297 702 1335 de
732 1299 1015 1336 constructione
1051 1300 1165 1349 igitur
1195 1300 1309 1337 liuius
1350 1299 1553 1349 particulae
1588 1298 1763 1347 equidem
1811 1312 1896 1337 cum
1933 1298 2192 1338 Neulfirclu'o
2229 1296 2298 1350 (dc
2336 1300 2429 1336 indi-

366 1386 486 1421 cativo
513 1388 553 1420 et
596 1385 833 1421 coniunctivo
876 1361 995 1422 modox
1017 1387 1054 1422 in
1085 1386 1224 1422 utenda
1255 1398 1347 1423 cum
1373 1386 1576 1434 particula,
1606 1387 1643 1430 l,
1674 1397 1709 1433 p.
1734 1387 1778 1428 8)
1811 1386 1862 1422 ita
1897 1387 2114 1430 consentio,
2148 1392 2191 1422 ut
2217 1398 2298 1422 eam
2325 1387 2435 1422 nobis

365 1473 532 1521 regulam
561 1471 812 1519 quaerendam
854 1484 939 1509 esse
967 1473 1155 1517 iudicem,
1197 1484 1291 1520 quae
1334 1477 1448 1509 totam
1486 1485 1566 1508 rem
1594 1474 1778 1510 conficiat.
1852 1473 1958 1509 Haec
2001 1477 2126 1509 tamen
2164 1478 2243 1509 tum
2280 1472 2434 1509 demum

297 1564 299 1567 ’
364 1558 453 1594 satis
484 1557 651 1593 dilucide
683 1558 862 1605 explicari
898 1562 937 1593 et
964 1557 1107 1594 diserte
1148 1559 1306 1606 proponi
1342 1559 1503 1606 poterit,
1540 1560 1627 1603 ubi,
1678 1571 1773 1607 quae
1818 1560 1900 1595 eius
1942 1559 1997 1594 vis
2042 1560 2159 1606 prima
2201 1564 2241 1594 et
2284 1559 2435 1606 propria

364 1643 505 1687 suerit,
546 1644 631 1691 quis
660 1655 768 1688 usus,
797 1655 893 1691 quae
920 1656 1011 1681 vera
1038 1644 1151 1680 huius
1183 1657 1275 1681 usus
1307 1646 1422 1689 ratio,
1465 1628 1987 1693 diligenter-pervestigatum
2024 1645 2110 1680 erit.

490 1727 593 1768 Cam
615 1730 739 1778 vigitur
767 1742 853 1767 cum
884 1732 934 1768 sit
961 1733 1194 1769 accusativus
1221 1732 1450 1779 pronominis
1490 1732 1661 1776 relativi,
1703 1732 1940 1769 accusativus
1981 1737 2106 1768 antem
2140 1736 2271 1768 natura
2298 1744 2365 1767 sua
2395 1731 2434 1766 id

362 1818 573 1866 significet,
606 1817 646 1853 in
680 1817 780 1865 quod
811 1818 873 1854 vel
902 1829 972 1867 per
1009 1818 1110 1866 quod
1144 1820 1241 1855 actio
1268 1819 1390 1866 aliqua
1429 1818 1639 1868 pertineat;
1686 1823 1950 1866 quaerentem,
1993 1818 2083 1866 quid
2113 1819 2179 1862 sit,
2224 1829 2293 1871 per
2318 1816 2433 1865 quod,

364 1905 429 1941 ubi
461 1916 552 1942 cum
579 1907 761 1952 ponatur,
798 1906 1338 1965 Q035159ss..9&33¹⁵⁰⁹
1379 1904 1616 1942 consuetudo
1642 1906 1827 1942 sermonis
1865 1906 2043 1941 continuo
2071 1905 2208 1952 docet,
2250 1904 2289 1940 id
2318 1916 2432 1940 unum

363 2002 514 2039 semper
543 1996 705 2050 Q
728 1991 824 2027 illud
864 2003 974 2036 esse,
1023 1992 1441 2047 fmugqfflfissjfl*
1472 1991 1629 2046 incidat.
1703 1992 1946 2041 Significabat
1989 1992 2102 2040 igitur
2137 1992 2184 2027 ab
2221 1991 2328 2027 initio
2361 2003 2435 2042 per

361 2077 492 2131 quod,
529 2077 554 2113 i.
581 2089 616 2116 e.
643 2089 716 2128 per
745 2077 854 2136 quod
881 2083 1058 2130 tempus,
1103 2078 1217 2126 idque
1246 2079 1319 2123 ita,
1362 2083 1405 2115 ut
1438 2091 1514 2116 non
1547 2079 1668 2116 solum
1703 2084 1767 2116 aut
1803 2079 1952 2128 longius
1989 2078 2142 2126 aliquod
2178 2082 2244 2115 aut
2280 2078 2433 2114 brevius

362 2164 443 2200 eius
483 2163 665 2212 spatium,
712 2163 781 2200 sed
803 2164 1009 2201 ‘interdum
1055 2165 1117 2201 vel
1155 2177 1269 2202 unum
1315 2166 1396 2202 eius
1430 2170 1660 2220 ¹¹¹⁰E¹E¹t¹¹¹¹¹
1697 2165 1970 2214 designaretur.
2041 2165 2119 2201 Ubi
2163 2164 2212 2200 de
2250 2164 2433 2211 temporis

361 2251 496 2299 spatio,
522 2262 592 2298 per
622 2239 724 2298 quod
751 2251 850 2287 actio
882 2251 1059 2300 pertinet,
1091 2256 1304 2301 usurpatur,
1338 2253 1390 2289 ibi
1416 2252 1520 2289 idem
1548 2253 1632 2289 fere
1659 2264 1744 2290 esse
1767 2257 1911 2310 putant,
1941 2252 2042 2300 quod
2073 2251 2295 2301 particulam
2322 2250 2433 2306 elgarus.

351 2338 545 2396 1,),ῗὶῑὲᾞῖ
563 2337 675 2388 ΕΦΨ
710 2349 826 2383 unum
857 2337 1009 2387 aliqqqd
1027 2340 1218 2389 ‚temporis
1246 2340 1430 2390 spatium,
1483 2352 1558 2390 quo
1594 2340 1691 2378 duae
1724 2352 1788 2378 res
1819 2340 1931 2379 simul
1965 2340 2050 2389 geri
2078 2342 2290 2380 narrantur.
2354 2337 2429 2375 Sed

360 2423 550 2460 interioris
590 2434 716 2460 earum
759 2435 877 2461 nexus
911 2426 1100 2461 notionem
1136 2426 1296 2473 aliquam
1332 2427 1516 2467 accedere
1528 2448 1548 2472 ,·
1587 2427 1691 2476 qnod
1731 2428 1863 2465 statuit
1887 2426 2085 2478 Handiua
2121 2426 2346 2475 (Tursellin.
2381 2425 2428 2468 ll,

361 2523 398 2559 p.
425 2510 538 2556 ml),
576 2509 752 2558 equidem
780 2511 874 2547 mihi
899 2511 1132 2560 persuadere
1173 2525 1249 2550 non
1290 2515 1405 2562 potui.
1474 2515 1671 2553 *Videntur
1707 2517 1833 2564 potius
1870 2516 1943 2553 hae
1971 2515 2175 2564 particulae
2206 2515 2258 2551 ita
2284 2517 2427 2549 tantum

358 2598 461 2636 inter
491 2609 533 2634 se
569 2596 747 2641 differre,
779 2602 846 2666 pt,
887 2610 973 2636 cum
1008 2599 1269 2650 aglj-tgnpnri
1298 2601 1514 2639 definiendo
1542 2614 1634 2640 cum
1663 2601 1864 2647 inserviat,
1903 2601 2004 2649 dm
2029 2601 2173 2648 initium
2206 2600 2287 2636 eius
2315 2597 2428 2647 sir—nul

360 2689 400 2722 et
425 2684 709 2721 continuitatem
753 2688 794 2720 et
832 2685 1033 2734 “3er
1075 2685 1271 2735 designet,
1332 2688 1433 2737 quod
1482 2700 1529 2725 ex
1579 2689 1659 2737 ipsa
1702 2688 1933 2738 grammatici
1983 2689 2085 2725 illius
2116 2686 2428 2736 praestantissimi

360 2770 617 2821 disputatione
649 2770 756 2807 effici
780 2770 955 2808 arbitror.
1027 2772 1105 2809 Ubi
1138 2777 1264 2810 autem
1304 2787 1419 2812 unum
1459 2779 1603 2812 tantum
1638 2775 1820 2824 temporis
1859 2779 2089 2812 momentum
2121 2773 2331 2822 cogitatur,
2374 2772 2427 2809 ibi

357 2863 423 2896 aut
449 2871 511 2907 ey*
523 2858 606 2910 {pso
630 2863 817 2910 lemme,
844 2862 910 2896 aut
936 2870 1070 2907 ‹gg-meo„
1086 2860 1171 2898 fleri
1198 2860 1342 2910 nmquid
1372 2867 1437 2900 aut
1463 2863 1589 2901 locum
1620 2863 1763 2902 habere
1795 2863 1945 2902 dicitur.
2006 2861 2128 2900 Priori
2148 2860 2426 2910 significatione

359 2944 391 2983 si
408 2938 573 2993 ponitur,
608 2948 763 2994 propter
793 2944 983 2995 vulgarem
1019 2950 1256 2997 cognatarum
1287 2950 1481 2987 notionum
1517 2944 1827 3000 permutationem
1855 2954 1953 2994 sunt,
1981 2947 2045 2996 qui
2078 2947 2103 2985 i.
2122 2959 2159 2997 q.
2184 2954 2230 2988 ιιι
2264 2947 2325 2985 vel
2357 2945 2428 2985 ubi

358 3014 444 3079 esse
471 3032 706 3078 existiment,
747 3044 904 3081 quorum
932 3033 1030 3071 iliud
1064 3035 1238 3094 mffium,
1288 3037 1362 3074 hoc
1390 3037 1515 3094 lQm
1551 3038 1703 3086 proprie
1730 3037 1895 3075 indicare
1922 3040 2050 3072 notum
2083 3040 2166 3080 est;
2221 3036 2425 3083 posteriori

355 3119 404 3157 ad
455 3120 635 3168 temporis
685 3119 832 3158 initium
881 3121 1066 3170 pertinet,
1131 3122 1184 3161 ait
1232 3122 1510 3164 Neukirchius
1561 3125 1607 3175 (Ι.
1640 3138 1671 3163 c.
1704 3137 1740 3173 p.
1770 3125 1852 3169 41).
1916 3124 2063 3170 Recte3
2107 3130 2197 3162 nota
2229 3129 2289 3163 est
2325 3123 2429 3161 enim·
