2814 3524
389 438 625 482 consuetudo
656 436 839 473 sermonis
874 435 1062 483 Romani,
1100 448 1172 484 qua
1204 448 1268 474 res
1299 448 1352 493 09,
1380 441 1551 490 tempore
1587 442 1693 494 gesta
1727 448 1814 474 esse
1843 443 2036 485 narratur,
2077 444 2297 496 q-ufflaekffig
2324 454 2467 499 mm!

383 539 468 579 eam
507 525 718 575 praeteriit.
778 522 983 576 (Zumpt’s
1014 523 1084 561 Gr.
1119 523 1157 573 §.
1183 524 1282 570 ⁴78;
1328 522 1466 563 Fclaelb.
1504 525 1573 563 Gr.
1603 524 1641 574 §.
1667 526 1776 569 518).
1837 521 1928 578 {Sed
1965 532 2116 576 poterut
2151 532 2264 580 addi,
2316 534 2382 575 vd
2415 538 2468 576 ad

383 613 526 665 finem,
560 611 662 661 quod
695 616 774 649 tum
800 612 926 649 locum
950 612 1089 649 habeat
1118 624 1277 650 neeesse
1304 621 1374 657 est,
1404 613 1437 649 si
1468 612 1517 650 de
1547 619 1719 661 tempore
1751 613 1883 652 futuro
1913 615 2114 663 loquimur.
2175 619 2311 660 Videri
2342 630 2468 673 potest

385 702 424 737 in
458 701 518 737 liis
560 699 796 736 accusativus
835 698 990 735 ablativi
1027 698 1152 736 locum
1184 700 1357 736 obtinere
1386 698 1692 748 (Weissenborn.
1724 695 1831 748 Synt'.
1864 700 1902 750 §.
1938 701 2030 750 224,
2062 704 2111 749 3,
2161 706 2271 745 Anm.
2309 711 2352 754 13
2397 711 2466 748 Gr.

384 787 420 836 §.
453 788 564 831 443‚‘
589 786 701 823 Anm.
736 781 802 836 1);
851 784 920 822 sed
957 785 1049 832 quid
1080 786 1219 822 attinet
1257 797 1433 829 monere,
1481 787 1545 833 qui
1582 786 1705 830 dieat,
1754 799 1835 842 quo
1869 794 2049 840 tempore
2078 789 2221 839 aliquid
2254 795 2342 842 flat,
2378 809 2464 835 eum

384 874 510 910 solere
539 877 670 912 totum
698 872 738 909 id
772 876 945 921 tempus,
995 871 1068 909 etsi
1108 872 1168 908 vel
1213 856 1497 916 brevissimum,
1554 866 1747 921 cogitaress
1794 886 1868 926 per
1901 875 2008 922 quod
2033 888 2137 922 rem,
2183 891 2292 927 quam
2327 890 2464 930 narrat,

385 962 579 1010 pertinere
624 960 763 1010 putet?
826 959 1050 1015 Postquam
1097 959 1285 1007 denique,
1337 958 1435 1008 quod
1479 959 1525 996 ad
1565 960 1821 1009 explicandam
1872 963 2093 1011 particulam
2131 977 2222 1004 eum
2265 981 2340 1006 non
2379 970 2464 1009 raro

382 1048 608 1093 adhibetur
657 1048 753 1084 nihil
794 1047 897 1083 alind
936 1047 1142 1095 significat,
1194 1058 1305 1093 quam
1345 1047 1498 1084 alteram
1534 1061 1613 1085 rem
1662 1050 1732 1086 iam
1772 1049 1981 1123 perfectam
2019 1051 2174 1097 fuisse,¹
2219 1066 2304 1092 eum
2345 1057 2463 1095 altera

385 1136 666 1184 susciperetur,
712 1146 802 1171 cum
842 1138 990 1177 autem,
1040 1133 1104 1169 ubi
1146 1132 1280 1169 eadem
1320 1133 1402 1170 fere
1443 1110 1623 1171 ratione
1635 1147 1721 1172 cum
1760 1136 1963 1184 praeterito
1998 1138 2261 1188 coniungitur,
2313 1154 2463 1219 semper

386 1230 534 1271 tempus
567 1224 688 1270 ipsum
717 1222 910 1269 designat,
949 1232 1046 1274 quo,
1088 1232 1161 1273 una
1198 1231 1239 1256 re
1268 1220 1440 1269 perfecta
1461 1226 1583 1270 atque
1610 1223 1802 1267 absoluta,
1842 1223 1964 1262 altera
1990 1225 2208 1275 suscipitur.

507 1310 675 1356 Tempus
707 1308 895 1354 denique,
929 1319 1003 1354 quo
1032 1307 1172 1354 aliquid
1205 1308 1290 1344 fieri
1322 1307 1503 1355 dicimus,
1540 1321 1625 1346 cum
1661 1321 1734 1346 non
1765 1310 1889 1347 solum
1923 1322 2038 1348 unum
2067 1311 2258 1359 quoddam
2290 1314 2361 1359 sit,
2393 1316 2462 1352 sed

383 1398 434 1433 ita
474 1396 586 1433 etiam
624 1383 747 1443 possit
782 1394 960 1442 cogitari,
1004 1399 1046 1430 ut
1086 1393 1220 1430 redeat
1263 1394 1470 1431 identidem
1514 1400 1553 1431 et
1594 1397 1699 1444 quasi
1741 1398 1892 1445 saepius
1924 1403 2154 1443 renovetur,
2205 1400 2342 1438 crebro
2377 1402 2462 1439 fieri

384 1477 578 1520 videmus,
629 1481 690 1520 ut,
730 1477 794 1512 ubi
833 1489 925 1513 cum
968 1474 1017 1512 de
1045 1479 1227 1527 >tempore
1269 1479 1447 1523 ponatur,
1493 1477 1546 1515 ibi
1588 1481 1737 1528 tempus
1777 1479 1874 1516 illud
1924 1492 1997 1518 non
2036 1481 2155 1518 semel
2192 1481 2364 1520 incidere
2399 1484 2461 1521 vel

383 1564 586 1609 incidisse,
619 1563 688 1601 sed
715 1564 865 1612 saepius
899 1562 1095 1608 videatur,
1128 1567 1170 1599 ut
1202 1537 1430 1612 respondeat
1465 1560 1550 1597 fere
1578 1560 1758 1599 adverbio
1790 1562 1964 1617 quoties,
2003 1563 2105 1611 quod
2135 1549 2190 1601 ad*
2216 1563 2318 1602 hunc
2352 1578 2460 1603 usum

383 1651 651 1689 illustrandum
693 1651 877 1687 adhibere
933 1650 1058 1687 solent
1101 1651 1344 1698 interpretes,
1424 1648 1501 1685 Sed
1548 1648 1611 1685 hic
1651 1659 1800 1697 quoque
1852 1662 1957 1688 suam
2001 1656 2040 1688 et
2077 1652 2268 1701 propriam
2320 1653 2462 1690 retinet

384 1717 564 1776 naturam.
650 1739 727 1775 Ubi
770 1739 870 1774 enim
916 1737 1097 1774 adverbio
1144 1737 1297 1792 quoties
1344 1737 1482 1773 utimur
1524 1736 1572 1773 ad
1624 1738 1810 1774 actionem
1847 1738 1980 1776 multis
2015 1739 2225 1776 intervallis
2261 1740 2460 1789 repetitam

383 1827 688 1876 significandam,
739 1832 816 1863 tum
857 1825 1004 1872 omnia,
1055 1824 1193 1871 quibus
1231 1822 1372 1870 aliquid
1408 1812 1592 1867 fecimus,
1636 1829 1806 1872 tempora
1846 1830 1972 1862 mente
2011 1830 2052 1862 et
2092 1826 2319 1875 cogitatione
2359 1839 2460 1864 com-

382 1914 679 1963 prehendimus,
729 1913 834 1949 etin
865 1923 975 1947 unam
1011 1912 1120 1958 quasi
1161 1913 1352 1948 notionem
1381 1912 1504 1947 animo
1542 1912 1773 1960 colligimus;
1820 1912 1886 1947 ubi
1926 1917 2181 1958 autemeam
2211 1924 2281 1961 pro
2309 1914 2461 1969 quoties

384 2000 546 2047 positum
578 2010 664 2037 esse
691 1998 845 2044 volunt,
893 1997 947 2034 ibi
973 2009 1020 2034 ex
1045 1998 1203 2047 singulis
1233 1998 1411 2046 temporis
1440 1998 1663 2041 momentis,
1709 1997 1845 2045 quibus
1876 2010 1957 2035 rem
1995 1999 2079 2035 fieri
2124 1999 2295 2047 potuisse
2320 2000 2459 2047 cogita--

384 2099 486 2131 mus,
529 2098 645 2122 unum
672 2096 824 2133 semper
856 2083 1044 2132 quoddam
1073 2080 1268 2133 eligimus,
1305 2084 1406 2133 quod
1433 2096 1513 2121 eam
1548 2095 1755 2132 occupasse
1789 2084 2087 2133 pronuntiamus.

513 2174 587 2210 lam
611 2172 749 2210 facilis
789 2175 849 2209 est
894 2172 1074 2209 transitus
1110 2171 1159 2208 ad
1194 2169 1395 2209 causalem
1431 2171 1639 2218 particulae
1677 2184 1770 2209 eum
1811 2171 2135 2220 significationem.
2208 2172 2321 2220 Quod
2361 2173 2458 2208 enim

385 2274 484 2301 nunc
509 2260 741 2311 grammatici
769 2271 844 2297 ιιοιι
874 2258 996 2297 solum
1031 2257 1080 2295 de
1107 2269 1262 2295 casuum
1289 2261 1329 2295 et
1354 2257 1669 2306 praepositionum
1698 2270 1789 2302 usu,
1820 2257 1889 2295 sed
1925 2258 2037 2295 etiam
2070 2258 2119 2295 de
2152 2258 2460 2307 participialibus,

384 2362 480 2398 quae
516 2352 676 2391 vocant,
727 2351 766 2383 et
808 2345 998 2383 adverbiis
1039 2344 1319 2393 praecipientes
1360 2342 1521 2388 docent,
1578 2356 1626 2391 qu
1623 2343 1762 2402 Q}
1761 2343 1844 2403 νὰς
1840 2357 2020 2398 „329⁰
2003 2349 2211 2400 tempore
2212 2345 2383 2399 dicamr,
2420 2344 2460 2380 id

384 2437 496 2474 etiam
527 2433 703 2472 adhiberi
731 2443 842 2482 posse
869 2429 990 2485 adea
1020 2430 1148 2485 omnia
1163 2429 1426 2487 designanda,
1462 2442 1572 2481 quae
1577 2442 1659 2481 >per
1678 2431 1829 2482 ipsum
1836 2431 1938 2480 illud
1945 2436 2130 2482 tempus
2134 2433 2338 2480 ρι’λιιιιιιι,
2384 2443 2459 2479 quo

383 2524 489 2573 quasi
538 2521 683 2559 inclusa
730 2522 950 2565 teneantur,
1003 2529 1078 2566 quo
1122 2520 1385 2555 sustententur
1434 2520 1549 2565 attlue
1586 2517 1785 2567 inventur,
1845 2518 1952 2556 cuius
1989 2530 2061 2568 ope
2105 2517 2381 2568 quodammodo
2421 2518 2471 2578 iu¹

384 2610 554 2648 veritatis
580 2608 707 2645 lucem
733 2606 886 2643 taudem
919 2603 1125 2657 prodeaut3
1161 2605 1289 2652 itaque
1317 2616 1389 2652 qua
1415 2603 1522 2640 verbi
1554 2603 1678 2641 forma
1703 2608 1851 2671 tempus
1882 2603 2120 2651 declaretur,
2152 2604 2284 2642 eadem
2312 2614 2460 2654 egnum

382 2708 535 2745 quoque
580 2694 642 2731 vel
682 2692 944 2746 condici9nem
978 2702 1091 2741 posse
1132 2691 1189 2739 sig
1168 2690 1366 2727 unificari.
1405 2691 1480 2728 hoc
1523 2690 1634 2727 etiam
1685 2690 1733 2727 ad
1771 2690 1891 2735 hanc,
1935 2702 2046 2739 quam
2087 2703 2157 2728 nos
2197 2688 2460 2727 illustrandam
2525 2730 2528 2734 ι

384 2782 642 2830 suscepimus,
689 2778 908 2830 particulam
951 2776 1260 2813 transferendum
1298 2787 1383 2812 esse
1424 2779 1539 2823 patet.
1612 2775 1667 2812 lta
1703 2780 1789 2813 nata
1821 2781 1929 2822 sunt,
1971 2789 2067 2825 quae
2100 2778 2272 2827 depcum
2306 2774 2461 2813 causali

387 2867 690 2915 praecipiuntur,
737 2863 877 2910 quippe
914 2862 1017 2909 quod
1050 2874 1119 2910 per
1151 2874 1193 2898 se
1223 2862 1271 2897 de
1308 2873 1354 2897 eo
1396 2838 1567 2909 tempore
1629 2865 1852 2910 usurpetur,
1888 2852 1956 2909 per
1997 2862 2096 2910 quod
2139 2862 2238 2899 actio
2273 2860 2459 2909 pertineat

385 2966 459 3001 quo
493 2959 568 2989 tota
598 2951 854 2992 contineatur,
900 2948 1423 3013 PssssssfissaQqfflp-Q-fiffimr·
1498 2948 1553 2984 lta
1594 2946 1695 2984 clara
1732 2948 1843 2984 simul
1889 2954 1928 2984 et
1966 2948 2167 2986 manifesta
2206 2951 2317 2992 sunt,
2364 2959 2458 2996 quae

384 3042 433 3078 de
467 3054 535 3077 usu
569 3040 651 3075 eius
683 3037 940 3081 adversatim,
983 3049 1104 3084 eoque
1135 3036 1261 3086 paullo
1286 3035 1537 3083 frequentiori
1565 3036 1752 3080 fortasse,
1796 3048 1906 3083 quam
1943 3036 2149 3085 particulae
2187 3034 2457 3099 condicionalis

381 3131 436 3171 si,
475 3127 684 3165 traduntur.
748 3124 1074 3174 Quemadmodum
1103 3125 1202 3162 enim
1231 3122 1442 3162 condicioni
1472 3134 1545 3161 ιιοιι
1574 3135 1725 3171 semper
1752 3123 1980 3171 respondet,
2018 3124 2086 3162 sed
2114 3123 2333 3161 adversatur
2362 3123 2458 3161 adeo
