2814 3524
981 883 1086 941 lle
1165 880 1547 961 particula
1628 879 1826 939 CUM

1091 1015 1392 1057 commentatio
1430 1014 1721 1073 grammalica.

1375 1330 1429 1389 l.

370 1450 529 1534 Acri,
556 1501 630 1537 quo
658 1502 718 1526 ars
746 1491 1153 1539 grammatica'nostris
1188 1488 1420 1539 temporibus
1453 1496 1658 1531 tractatur,
1685 1490 1810 1531 studio
1846 1489 1982 1532 multa,
2014 1500 2108 1535 quae
2141 1489 2228 1524 olim
2261 1489 2438 1535 simplici-

371 1582 431 1614 ter
457 1581 496 1613 et
526 1577 701 1613 universe
729 1578 819 1623 poni
846 1578 1042 1620 solebant,
1086 1579 1158 1613 iam
1194 1578 1330 1613 melius
1371 1579 1587 1619 intellecta.
1629 1578 1804 1612 subtilius
1843 1575 2020 1612 definita.
2067 1577 2212 1610 acutius
2254 1576 2441 1622 disputata

372 1668 471 1701 sunt.
543 1664 600 1700 Ac
640 1663 852 1701 modorum
903 1663 1055 1710 quidem
1106 1664 1313 1710 rationem,
1362 1670 1403 1700 ut
1445 1664 1543 1699 hanc
1584 1676 1605 1698 e
1641 1663 1769 1698 multis
1807 1630 2006 1709 eligamus.
2064 1663 2135 1698 iam
2172 1663 2224 1697 ita
2272 1663 2441 1698 videmur

373 1752 609 1798 perspectam
642 1750 681 1786 in
709 1750 927 1787 universum
958 1754 998 1786 et
1033 1750 1264 1798 exploratam
1293 1751 1458 1794 habere,
1503 1756 1569 1791 ut,
1614 1750 1679 1785 ubi
1718 1750 1818 1784 olim·
1845 1749 1958 1784 huius
1994 1749 2054 1784 vel
2098 1750 2200 1785 illius
2241 1751 2439 1785 verborum

373 1833 684 1873 conformationis
722 1848 832 1873 causa
873 1836 1035 1881 latebat,
1088 1836 1141 1873 ibi
1176 1849 1276 1873 nunc
1319 1836 1433 1873 facile
1481 1836 1737 1883 reperiamus,
1790 1814 1886 1882 quol
1903 1846 2009 1880 eam,
2053 1847 2162 1882 quam
2201 1836 2287 1870 libri
2331 1847 2440 1870 manu

330 1899 335 1901 -
373 1921 505 1968 scripti
543 1921 743 1967 exhibent,
789 1923 1049 1971 scripturam,x
1092 1923 1258 1969 quamvis
1302 1911 1430 1970 ‘'primo
1475 1928 1633 1969 aspectu
1669 1922 1798 1957 miram
1840 1927 1951 1969 atque
1990 1922 2200 1965 insolitam,
2256 1928 2319 1957 aut
2355 1933 2439 1957 cum

375 2008 561 2045 communi
587 2010 752 2046 omnium
784 2021 994 2052 consensu,
1038 2014 1103 2046 aut
1142 2021 1216 2046 non
1245 2009 1326 2045 sine
1351 2020 1481 2056 magna
1513 2008 1637 2055 aliqua
1670 2009 1839 2045 veritatis
1875 1993 2004 2056 specie
2031 2008 2289 2044 defendamus.
2364 2009 2440 2044 lam

374 2106 446 2131 non
474 2093 632 2142 amplius
657 2093 851 2140 audimus,
903 2096 1181 2132 coniunctivum
1217 2096 1255 2131 in
1295 2077 1519 2143 quibusdam
1574 2094 1727 2131 dicendi
1779 2094 1952 2131 formulis
2003 2094 2208 2142 elegantius
2246 2095 2440 2143 usurpari3

375 2180 456 2224 vix,
502 2174 805 2217 coniunctionem
836 2181 997 2229 aliquam
1025 2181 1128 2218 hunc
1174 2181 1235 2218 vel
1262 2163 1370 2217 illum
1395 2181 1548 2218 modum
1580 2193 1724 2229 regere.
1807 2181 1892 2227 Quo
1930 2181 2035 2217 verbi
2070 2179 2182 2216 modo
2209 2181 2248 2216 in
2284 2181 2441 2229 singulis

376 2266 695 2304 enuntiationibus
732 2266 914 2304 utendum
960 2268 1040 2312 sit‚‘
1079 2267 1160 2316 ipsa
1192 2278 1297 2305 mens
1335 2271 1374 2304 et
1405 2267 1583 2316 cogitatio
1612 2266 1767 2311 definit:
1824 2266 2009 2304 accedunt
2034 2266 2343 2314 coniunctiones,
2389 2274 2442 2307 ut.

376 2360 458 2396 qua·
480 2348 625 2385 ratione
654 2348 750 2386 duae
780 2350 991 2387 sententiae
1022 2349 1123 2387 inter
1158 2361 1200 2387 se
1227 2358 1417 2387 connexae
1444 2350 1539 2395 sint,
1575 2350 1713 2387 clarius
1746 2348 1952 2387 ostendant.

511 2434 587 2472 Sed
624 2436 789 2482 quamvis
826 2435 1114 2484 diligentissime
1159 2447 1244 2472 cum
1287 2448 1416 2473 omnes
1460 2437 1545 2473 fere
1587 2437 1846 2485 grammaticae
1893 2435 1989 2477 loci,
2042 2440 2119 2471 tum
2162 2436 2250 2479 hic,
2300 2437 2362 2483 qni
2393 2436 2443 2471 de

377 2520 705 2558 coniunctionibus
740 2521 1017 2569 verborumque
1054 2521 1179 2559 modis
1221 2523 1397 2570 exponit,
1438 2535 1460 2560 a
1493 2523 1623 2559 multis
1659 2533 1769 2568 saepe
1805 2521 2046 2569 pervestigati
2072 2522 2170 2557 sint:
2217 2526 2341 2558 tamen
2369 2533 2443 2557 non

378 2606 501 2642 omnia
529 2606 600 2642 iam
634 2607 685 2643 ita
712 2606 890 2644 videntur
924 2606 1099 2656 expedita
1129 2612 1242 2655 atque
1274 2608 1457 2658 explicata
1489 2620 1586 2651 esse,
1616 2612 1656 2644 ut
1690 2606 1737 2643 ad
1765 2618 1822 2652 ea,
1851 2617 1945 2653 quae
1976 2606 2144 2643 feliciter
2172 2612 2312 2643 tentata
2345 2612 2445 2647 sunt.

378 2696 441 2727 ant
468 2691 678 2740 supplenda
708 2697 772 2728 aut
792 2662 1023 2730 stabilienda
1048 2692 1144 2730 nihil
1176 2692 1378 2742 quidquam
1409 2693 1538 2732 afferri
1570 2692 1699 2741 possit.
1770 2690 1935 2728 videtur
1964 2692 2089 2740 potius
2116 2703 2258 2736 eorum,
2296 2693 2446 2740 quibus.

381 2778 538 2814 solemni
565 2778 763 2816 occasione
789 2778 934 2825 oblata,
982 2778 1106 2817 libelli
1138 2779 1356 2818 scholastici
1394 2780 1531 2819 edendi
1563 2779 1751 2829 negotium
1779 2778 1995 2817 mandatum
2026 2783 2109 2822 est,
2156 2777 2329 2816 officinm
2361 2791 2446 2816 esse

381 2864 659 2910 gravissimum,
693 2846 799 2912 'quae
833 2866 932 2902 inter
963 2865 1166 2915 legendum
1213 2871 1252 2903 et
1294 2866 1618 2905 commentandum
1656 2865 1866 2914 probabilia
1912 2865 2151 2915 grammatica
2191 2877 2233 2902 se
2260 2866 2446 2903 invenisse

358 2950 630 2997 arbitrantur,
668 2963 711 2986 ea
743 2962 1005 2999 nonnunquam
1034 2964 1108 2989 non
1142 2952 1265 2989 solum
1293 2952 1490 3001 discipulis
1527 2953 1604 2989 suis
1632 2932 1787 2989 uberius
1825 2952 2037 3001 explicare,
2074 2952 2144 2989 sed
2177 2952 2300 2989 doctis
2335 2954 2445 2990 etiam

381 3036 588 3082 peritisque
625 3038 840 3074 hominibus
882 3038 1120 3075 diiudicanda
1154 3050 1381 3086 proponere.
1451 3039 1563 3086 Quod
1607 3051 1691 3075 cum
1737 3040 1829 3076 mihi
1866 3050 2085 3087 persuasum
2128 3040 2200 3081 sit,
2245 3051 2340 3086 quae
2368 3040 2447 3088 ipse·

381 3119 472 3155 mihi
498 3120 623 3158 adhuc
659 3122 882 3160 observasse
917 3123 1074 3169 videor,
1115 3137 1190 3162 non
1216 3125 1423 3162 deterritus
1451 3136 1580 3162 eornm
1614 3127 1859 3171 auctoritate,
1905 3126 1969 3172 qui
2001 3125 2061 3161 his
2087 3124 2321 3173 temporibus
2347 3126 2442 3161 eius-

1893 3216 1958 3257 1.
