2814 3524
1298 233 1570 342 <Es

395 444 469 469 non
507 444 594 470 esse
639 432 985 471 commendandam.
1048 432 1266 470 Emendare
1303 434 1386 471 vult
1421 434 1561 482 ubique
1605 430 1704 472 Otto
1748 432 1817 482 (ad
1849 430 1933 472 Cic.
1958 433 2043 473 Fin.
2076 436 2113 481 1,
2147 434 2218 489 4),
2263 455 2470 491 promenus

392 518 442 557 ad
474 516 699 568 Orellium3
741 533 869 575 quum
896 521 997 559 enim
1029 526 1070 559 et
1102 520 1270 576 quando
1296 526 1336 560 et
1370 523 1561 577 quoniam
1600 534 1674 560 uno
1714 520 1940 570 compendio
1967 512 2033 570 qsfi
2061 527 2180 573 etqfi
2209 528 2470 571 immanibus

394 606 510 643 scribi
549 605 726 644 affirmat.
754 603 793 660 *)
862 605 1046 657 Confugit
1089 606 1282 648 ferimus
1320 604 1387 659 (ad
1418 605 1587 649 Sallust.
1620 610 1698 659 lug.
1732 609 1844 658 102„
1869 609 1938 656 5),
1976 604 2029 647 Α.
2063 605 2364 664 Grctefeudum
2388 617 2469 654 lau-

393 692 509 737 dans,
558 692 606 730 ad
647 694 869 731 interiorem
890 692 952 741 **)
985 694 1150 742 aliquem
1204 694 1265 731 vel
1313 699 1509 731 externum
1558 707 1716 740 nexum,
1761 700 1840 743 „ut
1879 692 2083 732 indicativo
2128 701 2283 736 externa
2327 705 2470 744 tantum

393 780 575 836 temporis
607 779 752 818 diversi
780 781 876 818 ratio
903 780 1135 819 iudicetur.“
1198 782 1254 819 lta
1288 782 1361 819 hoc
1391 786 1549 819 auctore
1581 794 1694 826 cnm,
1720 759 1785 818 ubi
1820 792 1906 818 cum
1936 778 2140 819 indicativo
2168 785 2385 832 copulatur,
2431 788 2469 824 in

394 866 591 912 omnibus,
644 865 711 914 qui
742 865 790 904 ad
822 866 1052 915 probandam
1079 878 1213 905 causac
1250 868 1567 915 significationem·
1599 869 1728 905 afferri
1772 868 1921 918 solent,
1976 866 2070 904 locis
2112 879 2247 907 causae
2283 872 2354 909 vim
2396 886 2469 911 non

361 950 531 996 .habet;
588 956 936 1003 memQ-tgmpns
980 952 1180 1003 significat.
1253 951 1384 991 Verbo
1432 954 1615 1002 probabat
1656 953 1927 997 indicativum,
1978 965 2019 990 rc
2068 965 2155 991 cum
2196 955 2363 1003 Kritzio,
2408 960 2470 996 vei

394 1039 522 1088 potius
554 1039 793 1077 Grotefendo
836 1040 1096 1078 consentiebat
1137 1051 1234 1076 anno
1278 1040 1462 1088 superiori
1501 1039 1658 1079 limaisa
1698 1041 1764 1088 (ad
1808 1037 1890 1078 Cic.
1928 1040 1993 1078 Or.
2034 1040 2090 1087 ΙΙ,
2142 1043 2234 1089 37),
2279 1044 2470 1083 indicativi

395 1129 571 1174 patronos
614 1129 654 1162 et
697 1125 923 1163 defensores
963 1138 1200 1163 enumerans.
1274 1126 1349 1162 Ubi
1382 1126 1429 1162 ad
1463 1129 1643 1175 temporis
1674 1128 1865 1164 notionem
1892 1126 2128 1164 condicionis
2165 1128 2290 1177 aliqua
2323 1132 2471 1168 accedit

394 1212 617 1261 significatio
646 1233 698 1240 —
732 1214 921 1261 quomodo
953 1214 1106 1251 differat
1147 1226 1241 1251 cum
1267 1226 1287 1250 a
1320 1212 1567 1250 condicionali
1601 1214 1782 1262 particula
1812 1214 1865 1261 si,
1925 1226 1972 1250 cx
2013 1214 2061 1250 iis
2093 1213 2188 1251 locis
2214 1215 2330 1253 facile
2359 1218 2471 1256 intel-

395 1298 546 1348 ligitur,
578 1311 672 1347 quos
707 1300 824 1337 habet
858 1299 1123 1339 Feldbausclt.
1154 1300 1178 1336 Ι.
1211 1312 1245 1336 c.
1280 1312 1314 1348 p.
1337 1300 1442 1344 555,
1470 1320 1520 1326 —
1546 1300 1612 1337 ubi
1638 1300 1777 1349 igitur,
1818 1303 1862 1336 ut
1889 1296 2207 1353 Smer-mburqii
2230 1302 2357 1339 verbis
2388 1307 2471 1340 utar

395 1384 459 1428 (ad
493 1381 578 1421 Cic.
613 1385 731 1422 Arch.
765 1386 811 1429 5,
846 1387 937 1433 10),
979 1385 1204 1423 condicione
1237 1386 1362 1434 aliqua
1391 1356 1440 1422 de
1471 1398 1514 1422 rc
1549 1386 1761 1434 loquimur,
1804 1385 1853 1422 de
1888 1396 1959 1433 qua
1999 1385 2099 1434 apud
2137 1397 2270 1423 omnes
2314 1392 2470 1432 constat,

394 1470 449 1506 ibi
480 1471 694 1507 rectissime
724 1472 881 1519 ponitur
907 1472 1145 1509 indicativus.
1206 1472 1316 1520 Quod
1343 1477 1469 1509 autem
1501 1472 1540 1509 in
1572 1472 1832 1509 condicionem
1867 1472 1980 1516 valet,
2012 1483 2081 1508 cur
2111 1471 2212 1508 idem
2248 1484 2321 1509 non
2353 1474 2472 1521 possit

396 1555 443 1593 ad
486 1568 635 1594 causam
658 1557 900 1602 *transfer-ri,
950 1557 1127 1607 equidem
1166 1570 1226 1595 me
1267 1570 1342 1596 non
1386 1557 1519 1596 videre
1549 1557 1684 1596 fateor.
1756 1558 1885 1596 Probo
1923 1559 2040 1609 igitur
2070 1557 2259 1598 Ellendti
2289 1558 2354 1604 (ad
2385 1556 2466 1597 Cic.

397 1644 502 1681 Brut.
535 1656 569 1681 c.
596 1645 668 1687 36)
695 1646 945 1689 sententiam,
986 1649 1135 1693 tempus
1163 1643 1379 1696 definitum
1417 1644 1620 1683 indicativo
1652 1645 1774 1682 notari
1805 1646 2026 1690 statuentis3
2072 1646 2213 1684 nollem
2249 1644 2469 1684 adiecisset:

397 1735 436 1767 et
468 1729 523 1767 ad
560 1735 721 1781 tempus
761 1729 958 1785 loquendi
1002 1729 1202 1767 relatum:
1254 1731 1329 1767 hoc
1365 1731 1463 1767 enim
1506 1742 1582 1767 non
1617 1732 1815 1779 omnibns,
1864 1733 1929 1780 qui
1970 1733 2101 1770 afferri
2137 1737 2318 1781 possunt,
2374 1733 2470 1770 locis

396 1816 603 1864 quadrare,
641 1828 778 1861 nemo,
813 1821 924 1866 puto,
961 1820 1047 1862 est,
1075 1817 1167 1865 quin
1199 1816 1338 1853 videat.
1400 1817 1484 1866 Ego
1519 1828 1607 1855 sane
1637 1829 1709 1855 non
1743 1817 1954 1867 perspicio,
1983 1829 2068 1855 cum
2098 1818 2238 1855 ceteris
2252 1797 2469 1867 ‘pau-tienne,

396 1914 493 1951 quae
525 1914 572 1940 ex
616 1903 749 1940 eadem
788 1903 1021 1954 pronominis
1052 1903 1201 1941 relativi
1234 1903 1366 1940 radice
1395 1907 1524 1949 natae,
1566 1901 1635 1942 suo
1678 1915 1848 1953 quaeque
1885 1903 2023 1950 modo,
2058 1916 2211 1942 causam
2244 1904 2468 1954 significant,

397 2001 466 2038 per
495 2001 538 2027 se
573 1989 750 2039 iungatur
776 1989 1027 2034 indicativus,
1073 2000 1142 2027 cur
1176 1988 1276 2026 idem
1313 1989 1361 2026 ab
1387 1989 1459 2026 hac
1490 1990 1673 2040 particula
1708 1989 1969 2028 excludendus
2006 1990 2077 2035 sit,
2124 1990 2197 2027 nisi
2239 1990 2362 2035 forte,
2405 1990 2469 2027 ubi

396 2089 440 2114 ea
491 2081 673 2126 ponatur,
731 2077 785 2114 ibi
825 2078 1005 2115 continuo
1055 2081 1170 2114 totam
1221 2076 1334 2125 plane
1381 2077 1569 2114 immutari
1606 2076 1814 2114 naturalem
1853 2076 2048 2114 modorum
2093 2077 2275 2114 rationem
2320 2079 2470 2126 praeter

398 2164 666 2201 necessitatem
699 2163 956 2202 concedimus.
1034 2164 1168 2202 Manet
1205 2164 1320 2212 igitur
1362 2163 1426 2200 hic
1461 2174 1610 2210 quoque
1650 2163 1782 2211 regula
1810 2174 1924 2211 supra
1955 2164 2168 2212 proposita:
2212 2162 2289 2199 Ubi
2321 2166 2469 2209 tempus
2533 2163 2535 2167 “

399 2262 440 2287 re
467 2250 591 2298 aliqua
633 2262 724 2288 vere
751 2256 880 2300 gesta,
927 2263 1022 2299 quae
1068 2251 1180 2288 simul
1211 2262 1324 2287 causa
1361 2254 1421 2288 est
1455 2249 1552 2286 alius
1593 2250 1650 2286 rei
1678 2250 1967 2298 consequentis,
2007 2250 2059 2287 ita
2084 2249 2282 2286 definitum
2308 2252 2389 2292 est,
2428 2251 2470 2283 ut

399 2340 543 2373 certum
588 2337 775 2392 quoddam
812 2338 874 2373 iel
920 2342 1149 2374 momentum
1193 2337 1278 2372 eius
1320 2336 1380 2372 vel
1422 2336 1583 2384 spatium
1628 2335 1867 2384 cogitandum
1908 2337 1979 2380 sit,
2032 2309 2090 2372 ibi
2130 2346 2220 2372 suus
2266 2333 2470 2370 indicativo

398 2422 503 2459 locus
538 2426 620 2466 est,
657 2433 730 2458 non
763 2422 875 2459 modo
904 2423 937 2459 si
964 2432 1098 2459 causae
1129 2420 1264 2458 allatae
1296 2425 1454 2458 eventus
1489 2421 1715 2470 respondet,
1756 2420 1825 2459 sed
1853 2422 1965 2459 etiam
1991 2422 2023 2459 si
2052 2421 2143 2470 quid
2175 2431 2308 2464 secus,
2358 2423 2469 2465 atque

396 2513 654 2556 exspectatum
686 2514 790 2552 erat,
836 2490 997 2552 accidit,
1040 2513 1084 2544 ut
1114 2520 1207 2544 cum
1237 2507 1339 2543 idem
1368 2508 1476 2551 fere,
1511 2507 1613 2555 quod
1646 2518 1914 2563 quamquam,
1950 2508 2083 2545 valeat.

527 2630 789 2673 coniunctim·
816 2646 890 2671 non
925 2610 1049 2670 minus
1083 2637 1213 2681 aperta
1240 2638 1280 2670 et
1309 2633 1469 2682 simplex
1500 2632 1652 2670 videtur
1683 2645 1768 2670 esse
1797 2633 1914 2676 ratio,
1958 2632 2029 2670 sed
2062 2620 2224 2682 magnas'
2239 2629 2469 2680 grammatici

395 2720 534 2757 afferre
563 2720 689 2758 solent
712 2720 961 2758 difficultates
987 2723 1181 2768 totamque
1213 2730 1332 2768 paene
1363 2731 1445 2758 rem
1472 2719 1672 2757 invertere.
1742 2719 1965 2759 Praefracte
1997 2719 2097 2758 enim
2124 2728 2254 2759 omnes
2281 2714 2329 2754 a‘d
2356 2726 2468 2753 unum

397 2804 630 2850 defendunt,
667 2818 752 2844 cum
796 2818 899 2843 mera
931 2806 1116 2855 particula
1150 2804 1349 2855 'temporali
1382 2809 1489 2844 recte
1515 2806 1690 2856 coniungi
1719 2816 1794 2844 non
1830 2817 1941 2855 posse
1980 2804 2282 2845 coniunctivum;
2336 2800 2400 2837 ubi
2431 2801 2490 2840 ins

501 2997 526 3038 “)
588 2996 713 3029 Rarius
748 2997 813 3029 boc
843 2997 918 3030 fieri
955 2997 1038 3031 dicit
1067 2999 1252 3033 Fre-maias
1278 3001 1302 3033 l.
1330 3011 1357 3032 c.
1386 3011 1417 3043 p.
1444 2999 1534 3033 vm.
1591 3001 1657 3033 Sed
1691 3000 1771 3032 om
1804 2999 1909 3033 etiam
1948 2999 2021 3031 Fin.
2056 3000 2095 3038 V,
2122 2990 2171 3033 '20
2206 3006 2245 3028 cx
2280 2995 2470 3028 coniectura

589 3047 707 3080 scribit
731 3049 884 3093 quoniam
908 3060 974 3081 non
999 3058 1144 3095 pssunt.
1170 3052 1172 3054 ’

478 3134 529 3177 “)
581 3138 681 3171 Hanc
704 3137 874 3171 interioris
901 3149 1004 3172 nexus
1030 3139 1201 3173 notionem
1229 3140 1262 3174 in
1288 3140 1355 3174 bac
1382 3151 1464 3173 voce
1496 3140 1620 3182 ubique
1653 3140 1778 3181 inesse,
1818 3139 1991 3173 nauatam
2014 3136 2169 3172 atainei-6
2190 3146 2292 3179 supra
2316 3135 2470 3170 vidimus.
