2814 3524
382 443 443 506 id,
476 443 568 492 quid
594 445 630 481 ei
654 444 878 482 adstrictum
906 448 993 492 est,
1022 448 1063 482 ut
1092 445 1129 482 si
1151 455 1220 493 pro
1251 443 1329 481 etsi
1355 444 1518 491 positum
1554 455 1639 481 esse
1666 443 1793 480 dicant
1818 441 1920 490 (Cic.
1947 443 2023 481 Off.
2056 443 2085 486 l,
2111 444 2174 488 43,
2208 443 2293 486 153,
2323 439 2455 479 Kritz.

381 531 430 570 ad
465 528 634 571 Sallust.
675 533 756 581 lug.
789 533 863 577 85,
895 528 986 585 48):
1037 532 1114 576 ita,
1153 543 1415 590 {Effiwfflut'oe
1446 531 1807 589 ⁸¹!{{⁸e‚-¹¹.PFP.J⁸F’⁰
1845 535 2032 584 repugnet
2049 532 2203 585 *ex—itus,
2250 543 2345 568 eum
2387 543 2454 577 pro

382 630 628 675 quamquam
654 619 717 655 vel
750 612 934 674 qua'uwis
965 623 1185 672 usurpatum
1217 630 1304 655 esse
1336 622 1482 666 putant.
1541 619 1600 655 Ab
1624 618 1699 655 hoe
1730 619 1817 655 loco
1846 619 2008 656 alienum
2042 624 2121 663 est,
2172 619 2220 655 de
2252 618 2452 667 particula-

382 717 467 743 rum
494 705 812 755 adversativamm
840 707 878 743 in
912 705 1256 750 enuntiationibus,
1306 717 1398 753 quas
1447 698 1695 742 ὁποτακτικοίς
1732 705 1860 742 dicere
1897 706 2039 754 possis,
2080 704 2286 753 positarum
2329 705 2368 740 vi
2412 716 2455 739 ac

383 796 573 840 potestate
618 792 830 836 disserere3
888 792 984 829 illud
1035 791 1277 830 admonuisse
1315 790 1506 836 sufficiat,
1554 792 1800 840 oppositionis
1840 792 1916 829 vim
1961 804 2033 829 non
2081 792 2118 828 in
2155 792 2234 840 ipsa
2272 791 2454 840 particula

383 889 499 926 cum,
535 878 622 932 ,sed
655 880 708 941 {¹}-
735 855 782 935 ξε·
813 891 865 934 ¹ac
896 880 1083 916 sententia
1109 881 1299 925 totiusque
1337 878 1514 915 orationis
1551 879 1849 916 conformatione
1892 881 2047 923 inesse3
2099 892 2190 916 cum
2221 879 2267 915 ad
2304 890 2451 915 causam

382 966 420 1002 in
463 971 633 1014 tempore
677 967 761 1014 ipso
795 966 974 1003 latentem
1020 978 1170 1014 semper
1215 977 1300 1002 esse
1338 964 1596 1004 referendum.

1357 1115 1482 1174 RV.

437 1301 440 1304 ῃ
502 1243 557 1280 lta
591 1244 662 1281 iam
695 1218 891 1291 videmus·⁷
932 1258 1027 1294 quae
1063 1247 1212 1295 propria
1252 1248 1457 1296 particulae
1501 1260 1594 1286 cum
1633 1247 1735 1284 notio
1763 1246 1904 1292 fuerit,
1955 1247 2019 1295 qui
2058 1258 2148 1283 usus
2186 1246 2268 1281 eius
2310 1244 2448 1280 varius.

382 1330 568 1377 quomodo
593 1332 664 1368 alia
693 1344 739 1368 ex
767 1332 840 1370 alia
865 1338 949 1382 apta
975 1338 1016 1371 et
1050 1334 1279 1372 necessitate
1306 1334 1461 1382 quadam
1488 1346 1584 1371 nexa
1613 1334 1662 1371 sit
1689 1334 1924 1388 significatio.
1996 1334 2053 1369 Ex
2090 1344 2165 1369 uno
2207 1332 2305 1368 enim
2340 1330 2447 1366 fonte

381 1417 568 1454 communi
603 1430 773 1472 manasse
811 1421 961 1467 omnia,
1003 1424 1149 1458 certum
1181 1420 1332 1458 videtur
1374 1433 1457 1459 esse
1493 1433 1539 1459 ac
1578 1421 1667 1458 satis
1705 1421 1971 1472 exploratum.¹
2024 1419 2083 1456 Ad
2128 1418 2446 1455 constructionem

367 1504 495 1574 sigitur
521 1503 781 1543 illustrandam
814 1507 1043 1544 accedentes
1074 1508 1240 1557 vulgaris
1276 1508 1430 1558 regulae
1456 1507 1682 1545 refutandae
1722 1509 1851 1546 labore
1887 1513 1928 1545 ut
1957 1507 2210 1556 supersedere
2245 1490 2447 1554 possimus,

339 1574 341 1576 Ι
379 1588 630 1628 Neukirehii
668 1588 713 1640 (l.
746 1605 776 1629 c.
806 1606 842 1641 p.
876 1586 1029 1644 5—48)
1067 1594 1199 1631 effecit
1236 1594 1441 1643 diligentia.
1487 1581 1607 1632 “Nec
1639 1608 1730 1631 vero
1762 1607 1984 1643 quemquam
2020 1595 2244 1630 arbitramur
2270 1603 2445 1629 assensu-

378 1689 461 1714 rum
489 1690 574 1716 esse
605 1676 812 1730 Kaysero,
845 1681 893 1717 ad
925 1677 1008 1719 Cic.
1040 1681 1163 1721 Divin.
1188 1681 1247 1727 11,
1272 1683 1325 1720 56
1354 1683 1405 1719 ita
1438 1684 1709 1731 praecipienti:
1743 1695 1868 1727 „cum
1896 1682 2126 1719 construitur
2153 1684 2197 1716 ut
2223 1686 2448 1734 postquam,

379 1763 481 1811 quod
513 1766 674 1813 requirit
703 1748 918 1815 perfectum
947 1768 1166 1813 indicativi,
1203 1775 1245 1806 ut
1279 1782 1312 1806 c.
1342 1771 1394 1808 52
1425 1771 1523 1825 quia
1560 1783 1645 1807 cum
1681 1764 1921 1806 coniunctim
1952 1768 2125 1816 ponitur,
2175 1768 2335 1815 positum
2379 1778 2447 1813 pro

378 1851 492 1889 cuim.-
544 1853 720 1890 universe
769 1854 973 1892 tenendum
1013 1859 1097 1900 est,
1152 1857 1434 1894 coniunctiones
1483 1856 1654 1893 eiusdem
1697 1857 1757 1892 vel
1805 1856 1938 1892 similis
1986 1855 2266 1903 significationis
2316 1858 2446 1891 contra

377 1937 569 1987 vulgarem
597 1950 707 1977 usum
750 1951 863 1988 saepe
908 1929 1066 1979 eandem
1098 1941 1302 1979 admittere
1344 1943 1703 1980 constructionem.“
1774 1942 1923 1979 Certam
1963 1945 2154 1989 tutamque
2189 1940 2283 1976 riam
2315 1939 2341 1975 ii
2373 1939 2446 1975 soli

376 2024 537 2073 ingressi
574 2030 683 2071 sunt,
734 2027 800 2085 qui
826 2029 1136 2087 eit-pronominis
1163 2029 1475 2087 relatiyianatura
1509 2042 1656 2069 omnem
1686 2030 1798 2066 huius
1828 2019 2001 2065 vocabuli
2029 2027 2346 2065 constructionem
2382 2037 2444 2061 re-

375 2111 575 2160 petendam
602 2125 688 2172 esse
721 2113 945 2151 docuerunt.
1008 2116 1117 2154 Hanc
1142 2117 1238 2154 viam
1267 2117 1459 2166 persecuti
1496 2118 1716 2167 particulam
1759 2117 1951 2154 relativam
1987 2129 2079 2168 σαψ
2113 2125 2180 2164 pro
2219 2114 2445 2151 sententiae.

362 2178 758 2248 νιιιιιαιῐίιΠεΙιιᾳιιιιιιιιιιη
799 2202 1080 2259 natura-modo
1105 2203 1384 2261 indicativum,
1424 2204 1538 2260 modo
1578 2204 1855 2259 coniunctivum
1891 2203 2105 2252 requirere,
2148 2212 2272 2249 neque
2302 2211 2371 2249 per
2404 2212 2445 2234 se.
2490 2222 2495 2227 -

374 2272 576 2334 quidquam
616 2286 767 2323 referre
794 2290 1014 2334 statuimus,
1065 2293 1192 2328 utrum
1229 2291 1496 2340 temporalem,
1546 2303 1654 2339 quam
1684 2295 1838 2335 vocant,
1879 2302 1925 2327 an
1953 2287 2138 2326 causalem
2168 2288 2306 2325 habeat
2333 2287 2445 2336 signi·

333 2416 344 2424 t
373 2372 599 2410 ficationem.
665 2373 893 2411 Indicativus
919 2375 1034 2425 igitur
1065 2388 1151 2414 cum
1183 2377 1323 2426 ubique
1351 2381 1414 2415 aut
1441 2356 1663 2415 seutentiam
1690 2380 1828 2425 certam
1859 2380 1971 2423 atque
1998 2373 2168 2424 undique
2199 2373 2444 2424 exploratam,

372 2463 437 2496 aut
465 2471 545 2507 rem
570 2472 669 2506 ¹vere
707 2465 850 2510 gestam
887 2462 1080 2507 declaret,
1119 2464 1221 2501 hunc
1267 2470 1423 2514 apparet
1465 2477 1616 2513 semper
1650 2464 1790 2500 debere
1822 2463 1930 2511 sequi
1961 2462 2182 2511 particulam
2214 2473 2329 2505 cum,
2378 2461 2443 2496 ubi

372 2545 411 2581 id
440 2551 589 2595 tempus
616 2548 678 2584 vel
710 2548 751 2585 id
777 2550 958 2597 temporis
994 2551 1155 2599 spatium
1183 2545 1535 2597 commemoramus,
1576 2563 1649 2599 quo
1680 2549 1821 2598 aliquid
1852 2561 1942 2586 vere
1972 2554 2037 2586 aut
2068 2549 2173 2593 fieri,
2206 2553 2270 2585 aut
2302 2548 2444 2583 sactum

367 2644 484 2686 „⁸⁸⁸²ae
512 2637 578 2671 aut
595 2625 745 2671 ‘fictum
772 2635 825 2672 iri>
850 2641 956 2679 certo
982 2637 1142 2682 scimus,
1175 2643 1217 2675 ut
1248 2651 1319 2676 nec
1355 2644 1502 2688 tempus
1528 2608 1712 2675 incertum
1746 2637 1796 2673 sit
1826 2640 1892 2673 aut
1921 2636 1998 2672 ulla
2023 2647 2070 2672 ex
2102 2640 2208 2684 parte
2244 2635 2445 2674 infinitum,

370 2730 440 2767 nec
470 2719 520 2756 de
547 2732 590 2756 re
621 2721 713 2769 ipsa,
745 2733 816 2768 qua
847 2721 1077 2771 designatur,
1104 2725 1298 2772 quisquam
1329 2726 1446 2773 possit
1473 2705 1679 2761 dubitares
1718 2724 1759 2760 Si
1790 2724 1911 2759 solum
1941 2727 2104 2770 tempus,
2139 2734 2211 2758 nec
2241 2721 2445 2769 quidquam

369 2810 566 2853 praeterea
597 2807 834 2855 intelligitur,
864 2819 937 2844 non
966 2813 1038 2853 est,
1065 2810 1129 2856 qui
1160 2815 1371 2859 repugnet:
1401 2823 1528 2848 omnes
1554 2810 1601 2847 ad
1621 2822 1734 2846 unum
1762 2822 1837 2846 uno
1859 2821 1926 2846 ore
1952 2808 2190 2861 copncedunt;
2222 2808 2291 2845 sed
2315 2820 2444 2856 magna

369 2892 489 2929 oritur
522 2894 800 2938 controversia,
846 2895 878 2931 si
906 2895 1008 2942 quis,
1059 2896 1125 2932 ubi
1166 2896 1261 2933 haec
1298 2897 1430 2934 eadem
1472 2897 1653 2945 particula
1684 2908 1777 2934 eum
1816 2896 1866 2933 ad
1901 2895 2162 2932 condicionem
2199 2895 2260 2930 vel
2295 2907 2441 2931 causam

368 2978 631 3019 declarandam
676 2981 926 3028 transfertur,
981 2983 1138 3021 eandem
1181 2984 1367 3022 rationem
1405 2985 1503 3022 tueri
1533 2989 1703 3022 conatur.
1787 2984 1861 3023 Aitx
1885 2983 2073 3023 flloserus
2108 2976 2181 3036 (ad
2213 2979 2297 3020 Cic.
2329 2982 2443 3029 Legg.

367 3066 423 3114 ll,
455 3065 521 3119 4):
550 3067 625 3106 hoc
657 3069 801 3118 ipsum,
843 3070 945 3118 quod
972 3071 1181 3121 singulares
1209 3072 1358 3120 qnidam
1399 3072 1475 3109 loci
1515 3072 1661 3110 laudari
1696 3072 1858 3117 debent,
1903 3076 1946 3109 ut
1973 3071 2176 3121 probetur,
2222 3082 2314 3108 cum
2342 3069 2440 3106 idem

366 3165 472 3201 esse,
510 3156 612 3203 quod
638 3157 1009 3214 quandoquidem,·
1036 3160 1125 3197 satis
1168 3164 1229 3196 est
1261 3161 1491 3209 argumenti,
1539 3171 1585 3197 cx
1627 3173 1702 3198 uno
1747 3161 1844 3198 libro
1878 3160 1957 3199 Ms.
1992 3158 2177 3197 eiusmodi
2209 3157 2438 3195 locutionem
